@techreport{collberg1997taxonomy,
	title={A taxonomy of obfuscating transformations},
	author={Collberg, Christian and Thomborson, Clark and Low, Douglas},
	year={1997},
	institution={Department of Computer Science, The University of Auckland, New Zealand}
}

@report{ceccato2014cryptographyDataObfuscation,
	author = {Ceccato, Mariano and Tiella, Roberto},
	title = {Early White-Box Cryptography and Data Obfuscation Report},
	type = {report},
	institution = {Fondazione Bruno Kessler},
	date = {31},
	month = {10},
	year = {2014}
	OPTsubtitle = {subtitle},
	OPTtitleaddon = {titleaddon},
	OPTlanguage = {language},
	OPTnumber = {number},
	OPTversion = {version},
	OPTnote = {note},
	location = {Italy},
	OPTisrn = {isrn},
	OPTchapter = {chapter},
	pages = {2--28},
	pagetotal = {55},
	OPTaddendum = {addendum},
	OPTpubstate = {pubstate},
	OPTdoi = {doi},
	OPTeprint = {eprint},
	OPTeprintclass = {eprintclass},
	OPTeprinttype = {eprinttype},
	OPTurl = {url},
	OPTurldate = {urldate},
}

@misc{ceccato2015debuggingEffectivenessEfficiency,
	author = {Ceccato, Mariano and Marchetto, Alessandro and Mariani, Leonardo and Nguyen, Cu D. and Tonella, Paolo},
	ALTeditor = {editor},
	title = {Do Automatically Generated Test Cases Make Debugging Easier? An Experimental Assessment of Debugging Effectiveness and Efficiency},
	OPTsubtitle = {subtitle},
	OPTtitleaddon = {titleaddon},
	OPTlanguage = {language},
	OPThowpublished = {howpublished},
	OPTtype = {type},
	OPTversion = {version},
	OPTnote = {note},
	organization = {Fondazione Bruno Kessler, University of Milano Bicocca},
	location = {Italy},
	OPTdate = {date},
	month = {03},
	year = {2015},
	OPTaddendum = {addendum},
	OPTpubstate = {pubstate},
	OPTdoi = {doi},
	OPTeprint = {eprint},
	OPTeprintclass = {eprintclass},
	OPTeprinttype = {eprinttype},
	OPTurl = {url},
	OPTurldate = {urldate},
}

@misc{aspireD501,
author = {Ceccato, Mariano and Tiella, Roberto},
editor = {Cataldo Basile},
title = {Framework Architecture, Tool Flow, and APIs of the ASPIRE Compiler Tool Chain and Decision Support System},
date = {17},
month = {10},
year = {2014},
OPTsubtitle = {subtitle},
OPTtitleaddon = {titleaddon},
OPTlanguage = {language},
OPThowpublished = {howpublished},
OPTtype = {type},
OPTversion = {version},
OPTnote = {note},
OPTorganization = {organization},
OPTlocation = {location},
OPTaddendum = {addendum},
OPTpubstate = {pubstate},
OPTdoi = {doi},
OPTeprint = {eprint},
OPTeprintclass = {eprintclass},
OPTeprinttype = {eprinttype},
OPTurl = {url},
OPTurldate = {urldate},
}

@article{abelson1991revised,
	title={Revised report on the algorithmic language scheme},
	author={Abelson, Harold and Dybvig, RK and Haynes, CT and Rozas, GJ and Adams IV, NI and Friedman, DP and Kohlbecker, E and Steele Jr, GL and Bartley, DH and Halstead, R and others},
	journal={ACM SIGPLAN Lisp Pointers},
	volume={4},
	number={3},
	pages={1--55},
	year={1991},
	publisher={ACM}
}

@incollection{cordy2011excerpts,
	title={Excerpts from the TXL cookbook},
	author={Cordy, James R},
	booktitle={Generative and Transformational Techniques in Software Engineering III},
	pages={27--91},
	year={2011},
	publisher={Springer}
}

@misc{venables2015introduction,
	title={An introduction to R},
	author={Venables, William N and Smith, David M and R Development Core Team and others},
	year={2015},
	month={06},
	date={18},
	version={3.2.1},
	publisher={Network Theory Ltd.}
}

@techreport{csurfUserGuide2012,
	title={Code surfer user guide and reference},
	version={2.2},
	year={2012},
	institution={Technical report, Gramma Tech Product Documentation, 2001. http://www. grammatech. com/csurf-doc/manual. html}
}

